%% This BibTeX bibliography file was created using BibDesk.
%% https://bibdesk.sourceforge.io/

%% Created for Corinna Schmitt at 2019-09-04 11:33:19 +0200 


%% Saved with string encoding Unicode (UTF-8) 



@inproceedings{detal2013revealing,
	Author = {Detal, Gregory and Hesmans, Benjamin and Bonaventure, Olivier and Vanaubel, Yves and Donnet, Benoit},
	Booktitle = {Proceedings of the 2013 conference on Internet measurement conference},
	Organization = {ACM},
	Pages = {1--8},
	Title = {Revealing middlebox interference with tracebox},
	Year = {2013}}

@article{baker1995rfc,
	Author = {Baker, F},
	Journal = {Requirements for IP version},
	Pages = {1995--06},
	Title = {RFC 1812},
	Volume = {4},
	Year = {1995}}

@book{faircloth2016penetration,
	Author = {Faircloth, Jeremy},
	Publisher = {Syngress},
	Title = {Penetration tester's open source toolkit},
	Year = {2016}}

@misc{NmapWebsite,
	Author = {https://nmap.org/},
	Howpublished = {\url{https://nmap.org/}},
	Note = {Accessed: 2019-03-08},
	Title = {Nmap Network Scanning}}
